@article{Author2023,
    author  = {Author, First and Coauthor, Second},
    title   = {A Groundbreaking Study on Adaptive Neurostimulation},
    journal = {Journal of Neuroscience},
    year    = {2023},
    volume  = {43},
    number  = {15},
    pages   = {2890--2901},
    doi     = {10.1523/JNEUROSCI.XXXX-XX.2023}
}

@inproceedings{Researcher2022,
    author    = {Researcher, Primary and Contributor, Another},
    title     = {Challenges in Real-Time Signal Processing for BCIs},
    booktitle = {Proceedings of the International Conference on Neural Engineering},
    year      = {2022},
    pages     = {112--115},
    address   = {City, Country}
}

@book{Scholar2021,
    author    = {Scholar, Well Known},
    title     = {Fundamentals of Cognitive Computing},
    publisher = {Academic Press},
    year      = {2021},
    address   = {Cambridge}
}