@misc{who_parkinson_2023,
    title = {Parkinson disease},
    author = {{World Health Organization}},
    year = {2023},
    month = {August},
    day = {9},
    url = {https://www.who.int/news-room/fact-sheets/detail/parkinson-disease},
    note = {Accessed: \today}
}